@misc{pade,
    author = "{Flemming Topsoe}",
    title = {{Some bounds for the logarithmic function}},
    howpublished = {\url{https://rgmia.org/papers/v7n2/pade.pdf}},
    note = {Online; accessed March 16 2022} ,
}